@article{
    abraham_guo_liu_2006, 
    title={Swarm Intelligence: Foundations, Perspectives and Applications}, 
    DOI={10.1007/978-3-540-33869-7_1}, 
    journal={Swarm Intelligent Systems Studies in Computational Intelligence}, 
    author={Abraham, Ajith and Guo, He and Liu, Hongbo}, 
    year={2006}, pages={3–25}
},
@article{
    shi_2004, 
    title={Particle Swarm Optimization}, 
    journal={IEEE Neural Networks Society}, 
    author={Shi, Yuhui}, 
    year={2004}, 
    month={Feb}
},
@article{
    solomon_thulasiraman_thulasiram_2011, 
    title={Collaborative multi-swarm PSO for task matching using graphics processing units}, DOI={10.1145/2001576.2001787}, 
    journal={Proceedings of the 13th annual conference on Genetic and evolutionary computation - GECCO '11}, author={Solomon, Steven and Thulasiraman, Parimala and Thulasiram, Ruppa}, 
    year={2011}
},
 @article{
    vandenbergh_engelbrecht_2004, 
    title={A Cooperative Approach to Particle Swarm Optimization}, 
    volume={8}, 
    DOI={10.1109/tevc.2004.826069}, 
    number={3}, 
    journal={IEEE Transactions on Evolutionary Computation}, 
    author={Vandenbergh, F. and Engelbrecht, A.p.}, 
    year={2004}, 
    pages={225–239}
},
 @article{
    piotrowski_napiorkowski_piotrowska_2020, 
    title={Population size in Particle Swarm Optimization}, 
    volume={58}, 
    DOI={10.1016/j.swevo.2020.100718}, 
    journal={Swarm and Evolutionary Computation}, 
    author={Piotrowski, Adam P. and Napiorkowski, Jaroslaw J. and Piotrowska, Agnieszka E.}, 
    year={2020}, pages={100718}
},
 @article{
    akat_gazi_2008, 
    title={Decentralized asynchronous particle swarm optimization}, 
    DOI={10.1109/sis.2008.4668304}, 
    journal={2008 IEEE Swarm Intelligence Symposium}, 
    author={Akat, S. Burak and Gazi, Veysel}, 
    year={2008}
},
 @article{
    bai_2010, 
    title={Analysis of Particle Swarm Optimization Algorithm}, 
    volume={3}, 
    DOI={10.5539/cis.v3n1p180}, 
    number={1}, 
    journal={Computer and Information Science}, 
    author={Bai, Qinghai}, 
    year={2010}
},
 @article{
    beni_2005, 
    title={From Swarm Intelligence to Swarm Robotics}, 
    DOI={10.1007/978-3-540-30552-1_1}, 
    journal={Swarm Robotics Lecture Notes in Computer Science}, 
    author={Beni, Gerardo}, 
    year={2005}, 
    pages={1–9}
},
 @article{
    blackwell_branke_2004, 
    title={Multi-swarm Optimization in Dynamic Environments}, 
    DOI={10.1007/978-3-540-24653-4_50}, 
    journal={Lecture Notes in Computer Science Applications of Evolutionary Computing}, 
    author={Blackwell, Tim and Branke, Jürgen}, 
    year={2004}, 
    pages={489–500}
},
 @article{
    blum_li, 
    title={Swarm Intelligence in Optimization}, 
    DOI={10.1007/978-3-540-74089-6_2}, 
    journal={Natural Computing Series Swarm Intelligence}, 
    author={Blum, Christian and Li, Xiaodong}, 
    pages={43–85}
},
 @article{
    bychkov_oparin_novopashin_sidorov_2015, 
    title={Agent-Based Approach to Monitoring and Control of Distributed Computing Environment}, DOI={10.1007/978-3-319-21909-7_24}, 
    journal={Lecture Notes in Computer Science Parallel Computing Technologies}, 
    author={Bychkov, Igor and Oparin, Gennady and Novopashin, Alexei and Sidorov, Ivan}, 
    year={2015}, 
    pages={253–257}
},
 @article{
    hamann_2010, 
    title={A Framework of Models for Swarm Robotic Systems}, 
    DOI={10.1007/978-3-642-13377-0_4}, 
    journal={Cognitive Systems Monographs Space-Time Continuous Models of Swarm Robotic Systems}, 
    author={Hamann, Heiko}, 
    year={2010}, 
    pages={41–76}
},
 @article{
    hereford_2006, 
    title={A Distributed Particle Swarm Optimization Algorithm for Swarm Robotic Applications}, DOI={10.1109/cec.2006.1688510}, 
    journal={2006 IEEE International Conference on Evolutionary Computation}, 
    author={Hereford, J.m.}, 
    year={2006}
},
 @article{
    kennedy_1999, 
    title={Small worlds and mega-minds: effects of neighborhood topology on particle swarm performance}, DOI={10.1109/cec.1999.785509}, 
    journal={Proceedings of the 1999 Congress on Evolutionary Computation-CEC99 (Cat. No. 99TH8406)}, 
    author={Kennedy, J.}, 
    year={1999}
},
 @article{
    kennedy_eberhart_1995, 
    title={Particle swarm optimization}, 
    journal={IEEE International Conference on Neural Networks (ICNN)}, 
    author={Kennedy, James and Eberhart, Russell}, 
    year={1995}
}, 
 @article{
    li_yang_su_lu_yu_2019, 
    title={An Overall Distribution Particle Swarm Optimization MPPT Algorithm for Photovoltaic System Under Partial Shading}, 
    volume={66}, 
    DOI={10.1109/tie.2018.2829668}, 
    number={1}, 
    journal={IEEE Transactions on Industrial Electronics}, 
    author={Li, Hong and Yang, Duo and Su, Wenzhe and Lu, Jinhu and Yu, Xinghuo}, 
    year={2019}, 
    pages={265–275}
},
 @article{
    meng_gan_2008, 
    title={A distributed swarm intelligence based algorithm for a cooperative multi-robot construction task}, DOI={10.1109/sis.2008.4668296}, 
    journal={2008 IEEE Swarm Intelligence Symposium}, 
    author={Meng, Yan and Gan, Jing}, 
    year={2008}
},
 @article{
    moradi_fotuhi-firuzabad_2008, 
    title={Optimal Switch Placement in Distribution Systems Using Trinary Particle Swarm Optimization Algorithm}, volume={23}, 
    DOI={10.1109/tpwrd.2007.905428}, 
    number={1}, 
    journal={IEEE Transactions on Power Delivery}, 
    author={Moradi, Adel and Fotuhi-Firuzabad, M.}, 
    year={2008}, 
    pages={271–279}
},
 @article{
    nouiri_bekrar_jemai_niar_ammari_2015, 
    title={An effective and distributed particle swarm optimization algorithm for flexible job-shop scheduling problem}, volume={29}, 
    DOI={10.1007/s10845-015-1039-3}, 
    number={3}, 
    journal={Journal of Intelligent Manufacturing}, 
    author={Nouiri, Maroua and Bekrar, Abdelghani and Jemai, Abderezak and Niar, Smail and Ammari, Ahmed Chiheb}, year={2015}, 
    pages={603–615}
},
 @article{
    oca_stutzle_birattari_dorigo_2009, 
    title={Frankenstein's PSO: A Composite Particle Swarm Optimization Algorithm}, 
    volume={13}, 
    DOI={10.1109/tevc.2009.2021465}, 
    number={5}, 
    journal={IEEE Transactions on Evolutionary Computation}, 
    author={Oca, M.a. Montes De and Stutzle, T. and Birattari, M. and Dorigo, M.}, 
    year={2009}, 
    pages={1120–1132}
},
 @article{
    peleg_2005, 
    title={Distributed Coordination Algorithms for Mobile Robot Swarms: New Directions and Challenges}, DOI={10.1007/11603771_1}, 
    journal={Distributed Computing – IWDC 2005 Lecture Notes in Computer Science}, 
    author={Peleg, David}, 
    year={2005}, 
    pages={1–12}
},
 @article{ 
    salza_ferrucci_2019, 
    title={Speed up genetic algorithms in the cloud using software containers}, 
    volume={92}, 
    DOI={10.1016/j.future.2018.09.066}, 
    journal={Future Generation Computer Systems}, 
    author={Salza, Pasquale and Ferrucci, Filomena}, 
    year={2019}, 
    pages={276–289}
},
@article{
    sa_nedjah_mourelle_2016, 
    title={Distributed efficient localization in swarm robotic systems using swarm intelligence algorithms}, 
    volume={172}, 
    DOI={10.1016/j.neucom.2015.03.099}, 
    journal={Neurocomputing}, 
    author={Sá, Alan Oliveira De and Nedjah, Nadia and Mourelle, Luiza De Macedo}, 
    year={2016}, 
    pages={322–336}
},
 @article{
    trelea_2003, 
    title={The particle swarm optimization algorithm: convergence analysis and parameter selection}, 
    volume={85}, 
    DOI={10.1016/s0020-0190(02)00447-7}, 
    number={6}, 
    journal={Information Processing Letters}, 
    author={Trelea, Ioan Cristian}, 
    year={2003}, 
    pages={317–325}
},
 @article{
    venter_sobieszczanski-sobieski_2006, 
    title={Parallel Particle Swarm Optimization Algorithm Accelerated by Asynchronous Evaluations}, 
    volume={3}, 
    DOI={10.2514/1.17873}, 
    number={3}, 
    journal={Journal of Aerospace Computing, Information, and Communication}, 
    author={Venter, Gerhard and Sobieszczanski-Sobieski, Jaroslaw}, 
    year={2006}, 
    pages={123–137}
},
 @article{
    wang_tan_liu_2017, 
    title={Particle swarm optimization algorithm: an overview}, 
    volume={22}, 
    DOI={10.1007/s00500-016-2474-6}, number={2}, journal={Soft Computing}, 
    author={Wang, Dongshu and Tan, Dapei and Liu, Lei}, 
    year={2017}, 
    pages={387–408}
},
 @article{
    yin_yu_wang_wang_2006, 
    title={A hybrid particle swarm optimization algorithm for optimal task assignment in distributed systems}, 
    volume={28}, 
    DOI={10.1016/j.csi.2005.03.005}, 
    number={4}, 
    journal={Computer Standards \& Interfaces}, 
    author={Yin, Peng-Yeng and Yu, Shiuh-Sheng and Wang, Pei-Pei and Wang, Yi-Te}, 
    year={2006}, 
    pages={441–450}
},
@inproceedings{kennedy1995particle,
  title={Particle swarm optimization},
  author={Kennedy, James and Eberhart, Russell},
  booktitle={Proceedings of ICNN'95-International Conference on Neural Networks},
  volume={4},
  pages={1942--1948},
  year={1995},
  organization={IEEE}
},
@inproceedings{rada2011random,
  title={Random asynchronous PSO},
  author={Rada-Vilela, Juan and Zhang, Mengjie and Seah, Winston},
  booktitle={The 5th International Conference on Automation, Robotics and Applications},
  pages={220--225},
  year={2011},
  organization={IEEE}
},
@inproceedings{zhou2009gpu,
  title={GPU-based parallel particle swarm optimization},
  author={Zhou, You and Tan, Ying},
  booktitle={2009 IEEE Congress on Evolutionary Computation},
  pages={1493--1500},
  year={2009},
  organization={IEEE}
},
@article{cooren2009performance,
  title={Performance evaluation of TRIBES, an adaptive particle swarm optimization algorithm},
  author={Cooren, Yann and Clerc, Maurice and Siarry, Patrick},
  journal={Swarm Intelligence},
  volume={3},
  number={2},
  pages={149--178},
  year={2009},
  publisher={Springer}
},
@article{yin2010cyber,
  title={Cyber swarm algorithms--improving particle swarm optimization using adaptive memory strategies},
  author={Yin, Peng-Yeng and Glover, Fred and Laguna, Manuel and Zhu, Jia-Xian},
  journal={European Journal of Operational Research},
  volume={201},
  number={2},
  pages={377--389},
  year={2010},
  publisher={Elsevier}
},
@article{schutte2004parallel,
  title={Parallel global optimization with the particle swarm algorithm},
  author={Schutte, Jaco F and Reinbolt, Jeffrey A and Fregly, Benjamin J and Haftka, Raphael T and George, Alan D},
  journal={International journal for numerical methods in engineering},
  volume={61},
  number={13},
  pages={2296--2315},
  year={2004},
  publisher={Wiley Online Library}
},
@article{xie2003overview,
  title={Overview of particle swarm optimization},
  author={Xie, Xiao-feng and Zhang, Wen-jun and Yang, Zhi-lian},
  journal={Control and Decision},
  volume={18},
  number={2},
  pages={129--134},
  year={2003}
},
@article{imrantextordfeminine2013overview,
  title={An overview of particle swarm optimization variants},
  author={Imran{\textordfeminine}, Muhammad and Hashima, Rathiah and Abd Khalidb, Noor Elaiza},
  journal={Procedia Engineering},
  volume={53},
  pages={491--496},
  year={2013}
},
@inproceedings{raquel2005effective,
  title={An effective use of crowding distance in multiobjective particle swarm optimization},
  author={Raquel, Carlo R and Naval Jr, Prospero C},
  booktitle={Proceedings of the 7th annual conference on Genetic and evolutionary computation},
  pages={257--264},
  year={2005}
},
@article{poli2007particle,
  title={Particle swarm optimization},
  author={Poli, Riccardo and Kennedy, James and Blackwell, Tim},
  journal={Swarm intelligence},
  volume={1},
  number={1},
  pages={33--57},
  year={2007},
  publisher={Springer}
}
 @misc{bouchrika_2020, 
 title={Primary research vs Secondary RESEARCH: Definitions, differences, and examples},  
 url={https://www.guide2research.com/research/primary-research-vs-secondary-research}, 
 author={Bouchrika, Imed}, 
 year={2020}, 
 month={Aug}
 } 
@misc{mcleod_2019, 
  title={Qualitative vs Quantitative Research: Simply Psychology}, 
  url={https://www.simplypsychology.org/qualitative-quantitative.html}, 
  journal={Qualitative vs Quantitative Research | Simply Psychology}, 
  author={McLeod, Saul}, 
  year={2019}
} 
@misc{survey_monkey, 
   title={Understand Qualitative vs Quantitative Research}, 
   url={https://www.surveymonkey.com/mp/quantitative-vs-qualitative-research/}, 
   journal={Survey Monkey}, 
   publisher={Survey Monkey}, 
   author={SurveyMonkey}
} 
@inproceedings{shi1998parameter,
  title={Parameter selection in particle swarm optimization},
  author={Shi, Yuhui and Eberhart, Russell C},
  booktitle={International conference on evolutionary programming},
  pages={591--600},
  year={1998},
  organization={Springer}
}
@article{wang2020adaptive,
  title={Adaptive granularity learning distributed particle swarm optimization for large-scale optimization},
  author={Wang, Zi-Jia and Zhan, Zhi-Hui and Kwong, Sam and Jin, Hu and Zhang, Jun},
  journal={IEEE transactions on cybernetics},
  year={2020},
  publisher={IEEE}
}

@article{sahin2007fault,
  title={Fault diagnosis for airplane engines using Bayesian networks and distributed particle swarm optimization},
  author={Sahin, Ferat and Yavuz, M {\c{C}}etin and Arnavut, Ziya and Uluyol, {\"O}nder},
  journal={Parallel Computing},
  volume={33},
  number={2},
  pages={124--143},
  year={2007},
  publisher={Elsevier}
}
 @misc{bingham, 
   title={Virtual library of Simulation Experiments:}, 
   url={https://www.sfu.ca/~ssurjano/beale.html}, 
   author={Bingham, Derek}
 } 
 @article{LYNN201824,
  title = {Population topologies for particle swarm optimization and differential evolution},
  journal = {Swarm and Evolutionary Computation},
  volume = {39},
  pages = {24-35},
  year = {2018},
  issn = {2210-6502},
  doi = {https://doi.org/10.1016/j.swevo.2017.11.002},
  url = {https://www.sciencedirect.com/science/article/pii/S2210650217308805},
  author = {Nandar Lynn and Mostafa Z. Ali and Ponnuthurai Nagaratnam Suganthan},
  keywords = {Particle swarm optimization, Differential evolution, Optimization, Population topology, Social network, Cellular, Distributed, Static, Dynamic, Ring, Wheels, Random, von Neumann, Star, Hierarchical, Niching, Multiswarm, Subswarm, Subpopulation, Heterogeneous}
}
@inproceedings{kennedy2002population,
  title={Population structure and particle swarm performance},
  author={Kennedy, James and Mendes, Rui},
  booktitle={Proceedings of the 2002 Congress on Evolutionary Computation. CEC'02 (Cat. No. 02TH8600)},
  volume={2},
  pages={1671--1676},
  year={2002},
  organization={IEEE}
}
 @article{azab_hady_hefny_2016, 
   title={Local best particle swarm optimization for partitioning data clustering}, 
   DOI={10.1109/icenco.2016.7856443}, 
   journal={2016 12th International Computer Engineering Conference (ICENCO)}, 
   author={Azab, Shahira Shaaban and Hady, Mohamed Farouk and Hefny, Hesham Ahmed}, 
   year={2016}
 } 
 
 @article{XIA2018126,
    title = {A multi-swarm particle swarm optimization algorithm based on dynamical topology and purposeful detecting},
    journal = {Applied Soft Computing},
    volume = {67},
    pages = {126-140},
    year = {2018},
    issn = {1568-4946},
    doi = {https://doi.org/10.1016/j.asoc.2018.02.042},
    url = {https://www.sciencedirect.com/science/article/pii/S1568494618301017},
    author = {Xuewen Xia and Ling Gui and Zhi-Hui Zhan}
}
@inproceedings{zheng2007improved,
  title={An improved particle swarm algorithm for solving nonlinear constrained optimization problems},
  author={Zheng, Jinhua and Wu, Qian and Song, Wu},
  booktitle={Third international conference on natural computation (ICNC 2007)},
  volume={4},
  pages={112--117},
  year={2007},
  organization={IEEE}
}
@inproceedings{vokolos1998performance,
  title={Performance testing of software systems},
  author={Vokolos, Filippos I and Weyuker, Elaine J},
  booktitle={Proceedings of the 1st International Workshop on Software and Performance},
  pages={80--87},
  year={1998}
}



